@book{data-science,
    author =       "{Миркин Б. Г.}",
    title =        "Введение в анализ данных",
    address = "М.",
    publisher = "Юрайт",
    year =      "2015",
}
 
@article{amorim,
	author =       "{de Amorim R.C.}, {Mirkin B.}",
	title =        "{Minkowski metric, feature weighting and anomalous cluster initializing in k-means clustering}",
	journal =      "Pattern Recognition",
	number =       "03",
	pages =        "1061--1075",
	year =         "2012"
}

@article{ward,
	author =       "{Joe H.}, {Ward J.}",
	title =        "{Hierarchical Grouping to Optimize an Objective Function}",
	journal =      "Jornal of American Statical Association",
	year =         "1963"
}

@article{boley,
	author =       "{Boley D.}",
	title =        "{Principal Direction Divisive Partitioning}",
	journal =      "Data Mining and Knowledge Discovery",
	number =       "02",
	pages =        "325--344",
	year =         "1998"
}


@article{tasoulis,
	author =       "{Tasoulis S.K.},{Tasoulis D.K.}, {Plagianakos V.P}",
	title =        "{Enhancing Principal Direction Divisive Clustering }",
	journal =      "Pattern Recognition",
	number =       "43",
	pages =        "3391--3411",
	year =         "2010"
}

@article{kovaleva,
	author =       "{Kovaleva E.V.},{Mirkin B.G.} ",
	title =        "{Bisecting K-Means and 1D Projection Divisive Clustering: A Unified Framework and Experimental Comparison}",
	journal =      "Journal of Classification",
	number =       "10",
	pages =        "414--444",
	year =         "2015"
}

@book{mirkin,
	author =       "{Mirkin B}",
	title =        "Core Concepts in Data Analysis: Summarization, Correlation, Visualization",
}



@article{mirkin_formula_8,
	author =       "{Boris Mirkin},{Mikhail Tokmakov} ",
	title =        "{Capturing the right number of clusters with K-Means using the complementary	criterion and affinity propagation}",
}

@article{k-means,
	author= "{G.H. Ball} , {D.J. Hall}",
	title = "A clustering technique for summarizing multivariate data",
	journal = "Behav. Sci.",
	year = 		"1967",
	pages = "153--155"
}

@article{anomal-clustering,
	author= "{M.M.-T. Chiang} , {B. Mirkin }",
	title = "Intelligent choice of the number of clusters in k-means clustering: an experimental study with different cluster spreads",
	journal = "Classif.",
	year = 		"2010",
	pages = "3--40"
}

@article{PDDP,
	author = "{Boley D.}",
	title = "Principal Direction Divisive Partitioning",
	journal =  "Data Mining and Knowledge Discovery", 
	year = "1998",
	pages = "325--344"	
}

@article{tas,
	author = "{Tasoulis S.K.}, {Tasoulis D.K.}, {Plagianakos V.P.}",
	title = "Enhancing Principal Direction Divisive Clustering ",
	journal = "Pattern Recognition",
	year = "2010",
	pages = "3391--3411"
	
}
